% This file was created with JabRef 2.10.
% Encoding: Cp1252


@Book{Boissonnat1998,
  Title                    = {Algorithms Geometry},
  Address                  = {Cambridge},
  Author                   = {J.-D. Boissonnat and M. Yvinec},
  Publisher                = {Cambridge University Press},
  Year                     = {1998},

  Owner                    = {Jay},
  Timestamp                = {2018.05.01}
}

@Article{Boyd2006,
  Title                    = {Randomized gossip algorithms},
  Author                   = {S. Boyd and A. Ghosh and B. Prabhakar and D. Shah},
  Journal                  = {IEEE Trans Inf. Theory},
  Year                     = {2006},

  Month                    = {Jun.},
  Pages                    = {2508-2530},

  Owner                    = {Jay},
  Timestamp                = {2018.04.30}
}

@Book{Boyd2004,
  Title                    = {Convex Optimization},
  Author                   = {S. Boyd and L. Vandenberghe},
  Publisher                = {Cambridge University Press},
  Year                     = {2004},

  Owner                    = {Jay},
  Timestamp                = {2018.05.01}
}

@InProceedings{Chao2015,
  Title                    = {Particle weight approximation with clustering for gossip-based distributed particle filters},
  Author                   = {C. W. Chao and M. Rabbat and S. Blouin},
  Booktitle                = {IEEE Int. Workshop Comp Comput. Advances Multi-Sensor Adaptive Process. (CAMSAP)},
  Year                     = {2015},

  Address                  = {Cancun, Mexico},
  Month                    = {Dec},
  Pages                    = {85-88},

  Owner                    = {Jay},
  Timestamp                = {2017.12.08}
}

@Article{Coates2004,
  Title                    = {Distributed particle filters for sensor networks},
  Author                   = {M. Coates},
  Journal                  = {Procs. IPSN.},
  Year                     = {2004},

  Month                    = {Apr.},
  Pages                    = {99-107},

  Owner                    = {Jay},
  Timestamp                = {2018.04.27}
}

@Article{Demmel2007,
  Title                    = {Fast linear algebra is stable},
  Author                   = {J. Demmel and I. Dumitriu and O. Holtz},
  Journal                  = {Numerische Mathematik},
  Year                     = {2007},

  Month                    = {Nov.},
  Number                   = {1},
  Pages                    = {59-91},
  Volume                   = {108},

  Owner                    = {Jay},
  Timestamp                = {2018.05.01}
}

@Article{Farahmand2011,
  Title                    = {Set-membership constrainted particle filter: distributed adaptation for sensor networks},
  Author                   = {S. Farahmand and S. I. roumeliotis and G. B. Giannakis},
  Journal                  = {IEEE Trans. Signal Process.},
  Year                     = {2011},

  Month                    = {Jun.},
  Pages                    = {4122-4138},
  Volume                   = {59},

  Owner                    = {Jay},
  Timestamp                = {2018.04.27}
}

@InProceedings{Gu2008,
  Title                    = {Consensus based distributed particle filter in sensor networks},
  Author                   = {D. Gu and J. Sun and Z. Hu and H. Li},
  Booktitle                = {Int. Conf. Inform. Automation},
  Year                     = {2008},

  Address                  = {Changsha, China},
  Month                    = {Aug.},
  Pages                    = {302-307},

  Owner                    = {Jay},
  Timestamp                = {2018.04.27}
}

@Article{Syamantak2015,
  Title                    = {Error Propagation in Gossip-Based Distributed Particle Filters},
  Author                   = {S. D. Gupta and M. Coates and M. Rabbat},
  Journal                  = {IEEE Trans. Signal Inf. Process. Netw.},
  Year                     = {2015},

  Month                    = {Aug.},
  Number                   = {3},
  Pages                    = {148-163},
  Volume                   = {1},

  Owner                    = {Jay},
  Timestamp                = {2018.04.09}
}

@Article{Hartigan1979,
  Title                    = {Algorithm {AS} 136: A k-means clustering algorithm},
  Author                   = {J. A. Hartigan and M. A. Wong},
  Journal                  = {J. Roy. Statistical Soc. Series C (Appl. Statist.)},
  Year                     = {1979},
  Number                   = {1},
  Pages                    = {100-108},
  Volume                   = {28},

  Owner                    = {Jay},
  Timestamp                = {2018.05.01}
}

@Article{Hlinka2012Survey,
  Title                    = {Distributed particle filtering in agent networks: A survey, classification, and comparison},
  Author                   = {O. Hlinka and F. Hlawatsch and P. Djuric and P. M. Djuric},
  Journal                  = {IEEE Signal Process. Mag.},
  Year                     = {2012},

  Month                    = {Dec.},
  Pages                    = {61-81},
  Volume                   = {30},

  Owner                    = {Jay},
  Timestamp                = {2018.04.26}
}

@Article{Hlinka2012,
  Title                    = {Likelihood consensus and its application to distributed particle filtering},
  Author                   = {O. Hlinka and O. Sluciak and F. Hlawatsch and P. Djuric and M. Rupp},
  Journal                  = {IEEE Trans. Signal Process.},
  Year                     = {2012},
  Number                   = {8},
  Pages                    = {4334-4349},
  Volume                   = {60},

  Owner                    = {Jay},
  Timestamp                = {2017.12.08}
}

@Article{Mohammadi2014,
  Title                    = {Distributed Consensus + Innovation Particle Filtering for Bearing/Range Tracking with Communication Constraints},
  Author                   = {A. Mohammadi and A. Asif},
  Journal                  = {IEEE Trans. Signal Process.},
  Year                     = {2014},

  Month                    = {Nov.},
  Pages                    = {620-635},
  Volume                   = {63},

  Owner                    = {Jay},
  Timestamp                = {2018.04.27}
}

@InProceedings{Mohammadi2012,
  Title                    = {A constraint sufficient statistics based distributed particle filter for bearing only tracking},
  Author                   = {A. Mohammadi and A. Asif},
  Booktitle                = {IEEE Int. Conf. Communications (ICC)},
  Year                     = {2012},

  Address                  = {Ottawa, ON, Canada},
  Month                    = {Jun},
  Pages                    = {3670-3675},

  Owner                    = {Jay},
  Timestamp                = {2017.12.08}
}

@Article{Olshevsky2009,
  Title                    = {Convergence speed in distributed vonsensus and averaging},
  Author                   = {A. Olshevsky and J. Tsitsiklis},
  Journal                  = {SIAM J. Control Optimization},
  Year                     = {2009},

  Month                    = {Feb.},
  Pages                    = {33-55},
  Volume                   = {48},

  Owner                    = {Jay},
  Timestamp                = {2018.05.02}
}

@Article{Potra2000,
  Title                    = {Interior-point methods},
  Author                   = {F. A. Potra and S. J. Wright},
  Journal                  = {J. Computational Appl. Mathematics.},
  Year                     = {2000},
  Volume                   = {124},

  Owner                    = {Jay},
  Timestamp                = {2018.05.01}
}

@InProceedings{Rabbat2016,
  Title                    = {Graph Laplacian distributed particle filtering},
  Author                   = {M. Rabbat and M. Coates and S. Blouin},
  Booktitle                = {Signal Process. Conf. (EUPISCO)},
  Year                     = {2016},

  Address                  = {Budapest, Hungary},
  Month                    = {Aug.},
  Pages                    = {1493 - 1497},

  Owner                    = {Jay},
  Timestamp                = {2017.12.08}
}

@Book{Ristic2003,
  Title                    = {Beyond the $Kalman$ Filter},
  Author                   = {B. Ristic and S. Arulampalam and N. Gordon},
  Publisher                = {Artech House},
  Year                     = {2003},

  Owner                    = {Jay},
  Timestamp                = {2018.04.30}
}

@InProceedings{Rosencrantz2003,
  Title                    = {Decentralized sensor fusion with distributed particle filters},
  Author                   = {M. Rosencrantz and G. J. Gordon and S. Thrun},
  Booktitle                = {Procs. Uncertainty Artificial Intell. (UAI)},
  Year                     = {2003},

  Address                  = {Acapulco, Mexico},
  Month                    = {Aug.},
  Number                   = {493-500},

  Journal                  = {Proc. UAI.},
  Owner                    = {Jay},
  Timestamp                = {2018.04.27}
}

@InProceedings{Sheng2005,
  Title                    = {Distributed particle filter with {GMM} approximation for multiple targets localization and tracking in wireless sensor network},
  Author                   = {X. Sheng and Y. H. Hu and P. Ramanathan},
  Booktitle                = {4th Int. Symp. Inform. Process. Sensor Networks},
  Year                     = {2005},

  Address                  = {Boise, ID, USA},
  Month                    = {Apr.},
  Pages                    = {181-188},

  Owner                    = {Jay},
  Timestamp                = {2018.04.27}
}

@Article{Ustebay2011Gossip,
  Title                    = {Efficient Decentralized Approximation via Selective Gossip},
  Author                   = {D. Ustebay and R. Castro and M. Rabbat},
  Journal                  = {IEEE J. Sel. Topics Signal Process},
  Year                     = {2011},

  Month                    = {May},
  Pages                    = {805-816},
  Volume                   = {5},

  Owner                    = {Jay},
  Timestamp                = {2018.04.30}
}

@InProceedings{Ustebay2011,
  Title                    = {Distributed auxiliary particle filters using selective gossip},
  Author                   = {D. Ustebay and M. Coates and M. Rabbat},
  Booktitle                = {Procs. IEEE Int. Conf. Acoustics, Speech, Signal Process. (ICASSP)},
  Year                     = {2011},

  Address                  = {Prague, Czech Republic},
  Month                    = {May},
  Pages                    = {3296-3299},

  Owner                    = {Jay},
  Timestamp                = {2018.04.27}
}

@Unpublished{Xiao2005,
  Title                    = {Distributed Average Consensus with Time-Varying Metropolis Weights},
  Author                   = {L. Xiao and S. Boyd and S. Lall},
  Note                     = {Available online at http://web.stanford.edu/~boyd/papers/pdf/avg$\_$metropolis.pdf},
  Year                     = {2005},

  Owner                    = {Jay},
  Timestamp                = {2018.04.30}
}

@InProceedings{Yan2006,
  Title                    = {Distributed particle filter for target tracking in wireless sensor network},
  Author                   = {Z. Yan and B. Zheng and J. Cui},
  Booktitle                = {Proc. EUSIPCO},
  Year                     = {2006},
  Month                    = {Sep.},

  Owner                    = {Jay},
  Timestamp                = {2018.04.27}
}

@Article{Yu2016,
  Title                    = {A distributed particle filter for bearings-only tracking on spherical surfaces},
  Author                   = {J. Y. Yu and M. Coates and M. Rabbat and S. Blouin},
  Journal                  = {IEEE Signal Process. Lett.},
  Year                     = {2016},

  Month                    = {Jan.},
  Pages                    = {326-330},
  Volume                   = {23},

  Owner                    = {Jay},
  Timestamp                = {2018.04.27}
}

@InProceedings{Zhu2012,
  Title                    = {Approximating signals supported on graphs},
  Author                   = {X. F. Zhu and M. Rabbat},
  Booktitle                = {IEEE Int. Conf. Acoust. Speech Signal Process. (ICASSP)},
  Year                     = {2012},

  Address                  = {Kyoto, Japan},
  Month                    = {Mar},
  Pages                    = {3921-3924},

  Owner                    = {Jay},
  Timestamp                = {2018.04.30}
}

